@article{foo2010,
    author = {Foo, M},
    year = 2010
}
@article{foo2011lorem,
    author = {Foo, M and Bar, G},
    year = 2011
}
@article{foo2011ipsum,
    author = {Foo, M and Bar, G},
    year = 2011
}
@article{foo2011dolor,
    author = {Foo, M and Bar, G and Baz, S},
    year = 2011
}
@article{foo2012,
    author = {Foo, M and Bar, G},
    year = 2012
}
@article{bar2013,
    author = {Bar, G and Baz, S},
    year = 2013
}
