@article{foo2010,
    author = {Foo, M},
    year = {2010}
}
 @ something{foo2011lorem,
year = 2011,
author = {M Föø and
G Bår}
}

@book{notused,
    author = {notused},
    year = {1234}
}
@inproceedings{foo2011ipsum,
    AUTHOR={{Föø}, {M}. and
    Bår, {G}.
      },
    year={2011}
}
@Article{foo2011dolor,
    author = "Foo, M. and Bar, G. and
              Baz, S",
    yEaR = "2011"
}
