@article{foo2012,
    author = {Foo, M and Bar, G},
    year = {2012}
}
@aRtIcLe { bar2013 ,
    other1 = "blah",
    author =   { Bar, G and Baz, S },
    other2 = "blah",
    year =   " 2013 ",
    other3 = "blah"
}
