@article{foo2010,
    author = {Foo, M},
    year = {2010}
}
 @ something{foo2011lorem,
year = 2011,
author = {M Foo and
G Bar}
}

@book{notused,
    author = {notused},
    year = {1234}
}
@inproceedings{foo2011ipsum,
    AUTHOR={{Foo}, {M}. and
    Bar, {G}.
      },
    year={2011}
}
@Article{foo2011dolor,
    author = "Foo, M. and Bar, G. and
              Baz, S",
    yEaR = "2011"
}
